@book{smith2020example,
  author    = {John Smith},
  title     = {An Example Book},
  year      = {2020},
  publisher = {Example Publisher},
  address   = {Example City}
}

@article{johnson2019example,
  author    = {Emily Johnson and Michael Doe},
  title     = {An Example Article},
  journal   = {Journal of Examples},
  year      = {2019},
  volume    = {10},
  number    = {2},
  pages     = {123-145},
  month     = {March},
  doi       = {10.1234/example.doi}
}

@inproceedings{doe2018example,
  author    = {Jane Doe},
  title     = {An Example Conference Paper},
  booktitle = {Proceedings of the Example Conference},
  year      = {2018},
  editor    = {Ann Editor},
  volume    = {1},
  series    = {Example Series},
  pages     = {50-60},
  address   = {Example Location},
  month     = {July},
  organization = {Example Organization},
  publisher = {Example Publisher}
}

@misc{unknown2021example,
  author       = {Anonymous},
  title        = {An Example Webpage},
  year         = {2021},
  howpublished = {\url{https://www.example.com}},
  note         = {Accessed: 2024-06-03}
}